%YAML 1.1
%TAG !u! tag:unity3d.com,2011:
--- !u!1001 &100100000
Prefab:
  m_ObjectHideFlags: 1
  serializedVersion: 2
  m_Modification:
    m_TransformParent: {fileID: 0}
    m_Modifications: []
    m_RemovedComponents: []
  m_ParentPrefab: {fileID: 0}
  m_RootGameObject: {fileID: 1128250626040588}
  m_IsPrefabParent: 1
--- !u!1 &1011730329854518
GameObject:
  m_ObjectHideFlags: 0
  m_PrefabParentObject: {fileID: 0}
  m_PrefabInternal: {fileID: 100100000}
  serializedVersion: 5
  m_Component:
  - component: {fileID: 4762569515207548}
  - component: {fileID: 33139484814116408}
  - component: {fileID: 23741607794463002}
  - component: {fileID: 114729336271126048}
  m_Layer: 0
  m_Name: Second_1
  m_TagString: Untagged
  m_Icon: {fileID: 0}
  m_NavMeshLayer: 0
  m_StaticEditorFlags: 0
  m_IsActive: 1
--- !u!1 &1020062859547972
GameObject:
  m_ObjectHideFlags: 0
  m_PrefabParentObject: {fileID: 0}
  m_PrefabInternal: {fileID: 100100000}
  serializedVersion: 5
  m_Component:
  - component: {fileID: 4172536379503922}
  - component: {fileID: 33524654118507390}
  - component: {fileID: 23701692964633018}
  - component: {fileID: 114445536020277480}
  m_Layer: 0
  m_Name: Colon
  m_TagString: Untagged
  m_Icon: {fileID: 0}
  m_NavMeshLayer: 0
  m_StaticEditorFlags: 0
  m_IsActive: 1
--- !u!1 &1047173591624776
GameObject:
  m_ObjectHideFlags: 0
  m_PrefabParentObject: {fileID: 0}
  m_PrefabInternal: {fileID: 100100000}
  serializedVersion: 5
  m_Component:
  - component: {fileID: 4939354769300044}
  - component: {fileID: 33435844860100886}
  - component: {fileID: 23952934971239426}
  - component: {fileID: 114855959890465242}
  m_Layer: 0
  m_Name: MilliSecond_1
  m_TagString: Untagged
  m_Icon: {fileID: 0}
  m_NavMeshLayer: 0
  m_StaticEditorFlags: 0
  m_IsActive: 1
--- !u!1 &1089719064622464
GameObject:
  m_ObjectHideFlags: 0
  m_PrefabParentObject: {fileID: 0}
  m_PrefabInternal: {fileID: 100100000}
  serializedVersion: 5
  m_Component:
  - component: {fileID: 4473375139663602}
  - component: {fileID: 33035556691446922}
  - component: {fileID: 23143861527144538}
  - component: {fileID: 114301793062713482}
  m_Layer: 0
  m_Name: Second_2
  m_TagString: Untagged
  m_Icon: {fileID: 0}
  m_NavMeshLayer: 0
  m_StaticEditorFlags: 0
  m_IsActive: 1
--- !u!1 &1114190261947278
GameObject:
  m_ObjectHideFlags: 0
  m_PrefabParentObject: {fileID: 0}
  m_PrefabInternal: {fileID: 100100000}
  serializedVersion: 5
  m_Component:
  - component: {fileID: 4404940990291178}
  - component: {fileID: 33545805641867426}
  - component: {fileID: 23236989088196822}
  - component: {fileID: 114909330610898106}
  m_Layer: 0
  m_Name: MilliSecond_2
  m_TagString: Untagged
  m_Icon: {fileID: 0}
  m_NavMeshLayer: 0
  m_StaticEditorFlags: 0
  m_IsActive: 1
--- !u!1 &1128250626040588
GameObject:
  m_ObjectHideFlags: 0
  m_PrefabParentObject: {fileID: 0}
  m_PrefabInternal: {fileID: 100100000}
  serializedVersion: 5
  m_Component:
  - component: {fileID: 4253185259712712}
  - component: {fileID: 114866518169973536}
  m_Layer: 0
  m_Name: RealTimeNums
  m_TagString: Untagged
  m_Icon: {fileID: 0}
  m_NavMeshLayer: 0
  m_StaticEditorFlags: 0
  m_IsActive: 1
--- !u!1 &1245031425943914
GameObject:
  m_ObjectHideFlags: 0
  m_PrefabParentObject: {fileID: 0}
  m_PrefabInternal: {fileID: 100100000}
  serializedVersion: 5
  m_Component:
  - component: {fileID: 4366883986797142}
  - component: {fileID: 33627426538421322}
  - component: {fileID: 23780945157721800}
  - component: {fileID: 114560044444769924}
  m_Layer: 0
  m_Name: Colon
  m_TagString: Untagged
  m_Icon: {fileID: 0}
  m_NavMeshLayer: 0
  m_StaticEditorFlags: 0
  m_IsActive: 1
--- !u!1 &1268945623009790
GameObject:
  m_ObjectHideFlags: 0
  m_PrefabParentObject: {fileID: 0}
  m_PrefabInternal: {fileID: 100100000}
  serializedVersion: 5
  m_Component:
  - component: {fileID: 4425029326663412}
  - component: {fileID: 33443716929174556}
  - component: {fileID: 23251087507150566}
  - component: {fileID: 114122788365892978}
  m_Layer: 0
  m_Name: Colon
  m_TagString: Untagged
  m_Icon: {fileID: 0}
  m_NavMeshLayer: 0
  m_StaticEditorFlags: 0
  m_IsActive: 1
--- !u!1 &1432506089607790
GameObject:
  m_ObjectHideFlags: 0
  m_PrefabParentObject: {fileID: 0}
  m_PrefabInternal: {fileID: 100100000}
  serializedVersion: 5
  m_Component:
  - component: {fileID: 4928966987055110}
  - component: {fileID: 33795294873144264}
  - component: {fileID: 23443800653078830}
  - component: {fileID: 114902474388196094}
  m_Layer: 0
  m_Name: Minute_1
  m_TagString: Untagged
  m_Icon: {fileID: 0}
  m_NavMeshLayer: 0
  m_StaticEditorFlags: 0
  m_IsActive: 1
--- !u!1 &1440837676812926
GameObject:
  m_ObjectHideFlags: 0
  m_PrefabParentObject: {fileID: 0}
  m_PrefabInternal: {fileID: 100100000}
  serializedVersion: 5
  m_Component:
  - component: {fileID: 4574373706160188}
  - component: {fileID: 33015988528614564}
  - component: {fileID: 23992548489186876}
  - component: {fileID: 114304413746410448}
  m_Layer: 0
  m_Name: Hour_1
  m_TagString: Untagged
  m_Icon: {fileID: 0}
  m_NavMeshLayer: 0
  m_StaticEditorFlags: 0
  m_IsActive: 1
--- !u!1 &1706901903694210
GameObject:
  m_ObjectHideFlags: 0
  m_PrefabParentObject: {fileID: 0}
  m_PrefabInternal: {fileID: 100100000}
  serializedVersion: 5
  m_Component:
  - component: {fileID: 4223141019043712}
  - component: {fileID: 33718492144762762}
  - component: {fileID: 23840212510882272}
  - component: {fileID: 114536998340932770}
  m_Layer: 0
  m_Name: Hour_2
  m_TagString: Untagged
  m_Icon: {fileID: 0}
  m_NavMeshLayer: 0
  m_StaticEditorFlags: 0
  m_IsActive: 1
--- !u!1 &1911026237125738
GameObject:
  m_ObjectHideFlags: 0
  m_PrefabParentObject: {fileID: 0}
  m_PrefabInternal: {fileID: 100100000}
  serializedVersion: 5
  m_Component:
  - component: {fileID: 4503930251471004}
  - component: {fileID: 33386363477595226}
  - component: {fileID: 23575889152431366}
  - component: {fileID: 114356452615073126}
  m_Layer: 0
  m_Name: Minute_2
  m_TagString: Untagged
  m_Icon: {fileID: 0}
  m_NavMeshLayer: 0
  m_StaticEditorFlags: 0
  m_IsActive: 1
--- !u!1 &1942557813055508
GameObject:
  m_ObjectHideFlags: 0
  m_PrefabParentObject: {fileID: 0}
  m_PrefabInternal: {fileID: 100100000}
  serializedVersion: 5
  m_Component:
  - component: {fileID: 4393339561689916}
  - component: {fileID: 33665815427184148}
  - component: {fileID: 23464334572783784}
  - component: {fileID: 114463849401542696}
  m_Layer: 0
  m_Name: Colon
  m_TagString: Untagged
  m_Icon: {fileID: 0}
  m_NavMeshLayer: 0
  m_StaticEditorFlags: 0
  m_IsActive: 1
--- !u!1 &1988607513971892
GameObject:
  m_ObjectHideFlags: 0
  m_PrefabParentObject: {fileID: 0}
  m_PrefabInternal: {fileID: 100100000}
  serializedVersion: 5
  m_Component:
  - component: {fileID: 4483163254383188}
  - component: {fileID: 33533036727732890}
  - component: {fileID: 23900218859812962}
  - component: {fileID: 114140062069708222}
  m_Layer: 0
  m_Name: dotImg
  m_TagString: Untagged
  m_Icon: {fileID: 0}
  m_NavMeshLayer: 0
  m_StaticEditorFlags: 0
  m_IsActive: 1
--- !u!4 &4172536379503922
Transform:
  m_ObjectHideFlags: 1
  m_PrefabParentObject: {fileID: 0}
  m_PrefabInternal: {fileID: 100100000}
  m_GameObject: {fileID: 1020062859547972}
  m_LocalRotation: {x: -0, y: -0, z: -0, w: 1}
  m_LocalPosition: {x: 17.800007, y: 25, z: -5}
  m_LocalScale: {x: 1, y: 1, z: 1}
  m_Children: []
  m_Father: {fileID: 4253185259712712}
  m_RootOrder: 6
  m_LocalEulerAnglesHint: {x: 0, y: 0, z: 0}
--- !u!4 &4223141019043712
Transform:
  m_ObjectHideFlags: 1
  m_PrefabParentObject: {fileID: 0}
  m_PrefabInternal: {fileID: 100100000}
  m_GameObject: {fileID: 1706901903694210}
  m_LocalRotation: {x: -0, y: -0, z: -0, w: 1}
  m_LocalPosition: {x: -174.7, y: 0, z: -5}
  m_LocalScale: {x: 1, y: 1, z: 1}
  m_Children: []
  m_Father: {fileID: 4253185259712712}
  m_RootOrder: 1
  m_LocalEulerAnglesHint: {x: 0, y: 0, z: 0}
--- !u!4 &4253185259712712
Transform:
  m_ObjectHideFlags: 1
  m_PrefabParentObject: {fileID: 0}
  m_PrefabInternal: {fileID: 100100000}
  m_GameObject: {fileID: 1128250626040588}
  m_LocalRotation: {x: -0, y: -0, z: -0, w: 1}
  m_LocalPosition: {x: 0, y: 0, z: 0}
  m_LocalScale: {x: 1, y: 1, z: 1}
  m_Children:
  - {fileID: 4574373706160188}
  - {fileID: 4223141019043712}
  - {fileID: 4393339561689916}
  - {fileID: 4366883986797142}
  - {fileID: 4928966987055110}
  - {fileID: 4503930251471004}
  - {fileID: 4172536379503922}
  - {fileID: 4425029326663412}
  - {fileID: 4762569515207548}
  - {fileID: 4473375139663602}
  - {fileID: 4483163254383188}
  - {fileID: 4939354769300044}
  - {fileID: 4404940990291178}
  m_Father: {fileID: 0}
  m_RootOrder: 0
  m_LocalEulerAnglesHint: {x: 0, y: 0, z: 0}
--- !u!4 &4366883986797142
Transform:
  m_ObjectHideFlags: 1
  m_PrefabParentObject: {fileID: 0}
  m_PrefabInternal: {fileID: 100100000}
  m_GameObject: {fileID: 1245031425943914}
  m_LocalRotation: {x: -0, y: -0, z: -0, w: 1}
  m_LocalPosition: {x: -136.4, y: -28, z: -5}
  m_LocalScale: {x: 1, y: 1, z: 1}
  m_Children: []
  m_Father: {fileID: 4253185259712712}
  m_RootOrder: 3
  m_LocalEulerAnglesHint: {x: 0, y: 0, z: 0}
--- !u!4 &4393339561689916
Transform:
  m_ObjectHideFlags: 1
  m_PrefabParentObject: {fileID: 0}
  m_PrefabInternal: {fileID: 100100000}
  m_GameObject: {fileID: 1942557813055508}
  m_LocalRotation: {x: -0, y: -0, z: -0, w: 1}
  m_LocalPosition: {x: -136, y: 25, z: -5}
  m_LocalScale: {x: 1, y: 1, z: 1}
  m_Children: []
  m_Father: {fileID: 4253185259712712}
  m_RootOrder: 2
  m_LocalEulerAnglesHint: {x: 0, y: 0, z: 0}
--- !u!4 &4404940990291178
Transform:
  m_ObjectHideFlags: 1
  m_PrefabParentObject: {fileID: 0}
  m_PrefabInternal: {fileID: 100100000}
  m_GameObject: {fileID: 1114190261947278}
  m_LocalRotation: {x: -0, y: -0, z: -0, w: 1}
  m_LocalPosition: {x: 246.6, y: -8, z: -5}
  m_LocalScale: {x: 0.79999995, y: 0.79999995, z: 1}
  m_Children: []
  m_Father: {fileID: 4253185259712712}
  m_RootOrder: 12
  m_LocalEulerAnglesHint: {x: 0, y: 0, z: 0}
--- !u!4 &4425029326663412
Transform:
  m_ObjectHideFlags: 1
  m_PrefabParentObject: {fileID: 0}
  m_PrefabInternal: {fileID: 100100000}
  m_GameObject: {fileID: 1268945623009790}
  m_LocalRotation: {x: -0, y: -0, z: -0, w: 1}
  m_LocalPosition: {x: 17.40001, y: -28, z: -5}
  m_LocalScale: {x: 1, y: 1, z: 1}
  m_Children: []
  m_Father: {fileID: 4253185259712712}
  m_RootOrder: 7
  m_LocalEulerAnglesHint: {x: 0, y: 0, z: 0}
--- !u!4 &4473375139663602
Transform:
  m_ObjectHideFlags: 1
  m_PrefabParentObject: {fileID: 0}
  m_PrefabInternal: {fileID: 100100000}
  m_GameObject: {fileID: 1089719064622464}
  m_LocalRotation: {x: -0, y: -0, z: -0, w: 1}
  m_LocalPosition: {x: 125.600006, y: 0, z: -5}
  m_LocalScale: {x: 1, y: 1, z: 1}
  m_Children: []
  m_Father: {fileID: 4253185259712712}
  m_RootOrder: 9
  m_LocalEulerAnglesHint: {x: 0, y: 0, z: 0}
--- !u!4 &4483163254383188
Transform:
  m_ObjectHideFlags: 1
  m_PrefabParentObject: {fileID: 0}
  m_PrefabInternal: {fileID: 100100000}
  m_GameObject: {fileID: 1988607513971892}
  m_LocalRotation: {x: -0, y: -0, z: -0, w: 1}
  m_LocalPosition: {x: 164.6, y: -37, z: -5}
  m_LocalScale: {x: 1, y: 1, z: 1}
  m_Children: []
  m_Father: {fileID: 4253185259712712}
  m_RootOrder: 10
  m_LocalEulerAnglesHint: {x: 0, y: 0, z: 0}
--- !u!4 &4503930251471004
Transform:
  m_ObjectHideFlags: 1
  m_PrefabParentObject: {fileID: 0}
  m_PrefabInternal: {fileID: 100100000}
  m_GameObject: {fileID: 1911026237125738}
  m_LocalRotation: {x: -0, y: -0, z: -0, w: 1}
  m_LocalPosition: {x: -26.399994, y: 0, z: -5}
  m_LocalScale: {x: 1, y: 1, z: 1}
  m_Children: []
  m_Father: {fileID: 4253185259712712}
  m_RootOrder: 5
  m_LocalEulerAnglesHint: {x: 0, y: 0, z: 0}
--- !u!4 &4574373706160188
Transform:
  m_ObjectHideFlags: 1
  m_PrefabParentObject: {fileID: 0}
  m_PrefabInternal: {fileID: 100100000}
  m_GameObject: {fileID: 1440837676812926}
  m_LocalRotation: {x: -0, y: -0, z: -0, w: 1}
  m_LocalPosition: {x: -234.4, y: 0, z: -5}
  m_LocalScale: {x: 1, y: 1, z: 1}
  m_Children: []
  m_Father: {fileID: 4253185259712712}
  m_RootOrder: 0
  m_LocalEulerAnglesHint: {x: 0, y: 0, z: 0}
--- !u!4 &4762569515207548
Transform:
  m_ObjectHideFlags: 1
  m_PrefabParentObject: {fileID: 0}
  m_PrefabInternal: {fileID: 100100000}
  m_GameObject: {fileID: 1011730329854518}
  m_LocalRotation: {x: -0, y: -0, z: -0, w: 1}
  m_LocalPosition: {x: 64.600006, y: 0, z: -5}
  m_LocalScale: {x: 1, y: 1, z: 1}
  m_Children: []
  m_Father: {fileID: 4253185259712712}
  m_RootOrder: 8
  m_LocalEulerAnglesHint: {x: 0, y: 0, z: 0}
--- !u!4 &4928966987055110
Transform:
  m_ObjectHideFlags: 1
  m_PrefabParentObject: {fileID: 0}
  m_PrefabInternal: {fileID: 100100000}
  m_GameObject: {fileID: 1432506089607790}
  m_LocalRotation: {x: -0, y: -0, z: -0, w: 1}
  m_LocalPosition: {x: -87.399994, y: 0, z: -5}
  m_LocalScale: {x: 1, y: 1, z: 1}
  m_Children: []
  m_Father: {fileID: 4253185259712712}
  m_RootOrder: 4
  m_LocalEulerAnglesHint: {x: 0, y: 0, z: 0}
--- !u!4 &4939354769300044
Transform:
  m_ObjectHideFlags: 1
  m_PrefabParentObject: {fileID: 0}
  m_PrefabInternal: {fileID: 100100000}
  m_GameObject: {fileID: 1047173591624776}
  m_LocalRotation: {x: -0, y: -0, z: -0, w: 1}
  m_LocalPosition: {x: 198.6, y: -8, z: -5}
  m_LocalScale: {x: 0.79999995, y: 0.79999995, z: 1}
  m_Children: []
  m_Father: {fileID: 4253185259712712}
  m_RootOrder: 11
  m_LocalEulerAnglesHint: {x: 0, y: 0, z: 0}
--- !u!23 &23143861527144538
MeshRenderer:
  m_ObjectHideFlags: 1
  m_PrefabParentObject: {fileID: 0}
  m_PrefabInternal: {fileID: 100100000}
  m_GameObject: {fileID: 1089719064622464}
  m_Enabled: 1
  m_CastShadows: 1
  m_ReceiveShadows: 1
  m_MotionVectors: 1
  m_LightProbeUsage: 1
  m_ReflectionProbeUsage: 1
  m_Materials:
  - {fileID: 2100000, guid: 9898fe95e4f4cb94aaef909064f9e141, type: 2}
  m_StaticBatchInfo:
    firstSubMesh: 0
    subMeshCount: 0
  m_StaticBatchRoot: {fileID: 0}
  m_ProbeAnchor: {fileID: 0}
  m_LightProbeVolumeOverride: {fileID: 0}
  m_ScaleInLightmap: 1
  m_PreserveUVs: 0
  m_IgnoreNormalsForChartDetection: 0
  m_ImportantGI: 0
  m_SelectedEditorRenderState: 3
  m_MinimumChartSize: 4
  m_AutoUVMaxDistance: 0.5
  m_AutoUVMaxAngle: 89
  m_LightmapParameters: {fileID: 0}
  m_SortingLayerID: 0
  m_SortingLayer: 0
  m_SortingOrder: 0
--- !u!23 &23236989088196822
MeshRenderer:
  m_ObjectHideFlags: 1
  m_PrefabParentObject: {fileID: 0}
  m_PrefabInternal: {fileID: 100100000}
  m_GameObject: {fileID: 1114190261947278}
  m_Enabled: 1
  m_CastShadows: 1
  m_ReceiveShadows: 1
  m_MotionVectors: 1
  m_LightProbeUsage: 1
  m_ReflectionProbeUsage: 1
  m_Materials:
  - {fileID: 2100000, guid: 9898fe95e4f4cb94aaef909064f9e141, type: 2}
  m_StaticBatchInfo:
    firstSubMesh: 0
    subMeshCount: 0
  m_StaticBatchRoot: {fileID: 0}
  m_ProbeAnchor: {fileID: 0}
  m_LightProbeVolumeOverride: {fileID: 0}
  m_ScaleInLightmap: 1
  m_PreserveUVs: 0
  m_IgnoreNormalsForChartDetection: 0
  m_ImportantGI: 0
  m_SelectedEditorRenderState: 3
  m_MinimumChartSize: 4
  m_AutoUVMaxDistance: 0.5
  m_AutoUVMaxAngle: 89
  m_LightmapParameters: {fileID: 0}
  m_SortingLayerID: 0
  m_SortingLayer: 0
  m_SortingOrder: 0
--- !u!23 &23251087507150566
MeshRenderer:
  m_ObjectHideFlags: 1
  m_PrefabParentObject: {fileID: 0}
  m_PrefabInternal: {fileID: 100100000}
  m_GameObject: {fileID: 1268945623009790}
  m_Enabled: 1
  m_CastShadows: 1
  m_ReceiveShadows: 1
  m_MotionVectors: 1
  m_LightProbeUsage: 1
  m_ReflectionProbeUsage: 1
  m_Materials:
  - {fileID: 2100000, guid: 9898fe95e4f4cb94aaef909064f9e141, type: 2}
  m_StaticBatchInfo:
    firstSubMesh: 0
    subMeshCount: 0
  m_StaticBatchRoot: {fileID: 0}
  m_ProbeAnchor: {fileID: 0}
  m_LightProbeVolumeOverride: {fileID: 0}
  m_ScaleInLightmap: 1
  m_PreserveUVs: 0
  m_IgnoreNormalsForChartDetection: 0
  m_ImportantGI: 0
  m_SelectedEditorRenderState: 3
  m_MinimumChartSize: 4
  m_AutoUVMaxDistance: 0.5
  m_AutoUVMaxAngle: 89
  m_LightmapParameters: {fileID: 0}
  m_SortingLayerID: 0
  m_SortingLayer: 0
  m_SortingOrder: 0
--- !u!23 &23443800653078830
MeshRenderer:
  m_ObjectHideFlags: 1
  m_PrefabParentObject: {fileID: 0}
  m_PrefabInternal: {fileID: 100100000}
  m_GameObject: {fileID: 1432506089607790}
  m_Enabled: 1
  m_CastShadows: 1
  m_ReceiveShadows: 1
  m_MotionVectors: 1
  m_LightProbeUsage: 1
  m_ReflectionProbeUsage: 1
  m_Materials:
  - {fileID: 2100000, guid: 9898fe95e4f4cb94aaef909064f9e141, type: 2}
  m_StaticBatchInfo:
    firstSubMesh: 0
    subMeshCount: 0
  m_StaticBatchRoot: {fileID: 0}
  m_ProbeAnchor: {fileID: 0}
  m_LightProbeVolumeOverride: {fileID: 0}
  m_ScaleInLightmap: 1
  m_PreserveUVs: 0
  m_IgnoreNormalsForChartDetection: 0
  m_ImportantGI: 0
  m_SelectedEditorRenderState: 3
  m_MinimumChartSize: 4
  m_AutoUVMaxDistance: 0.5
  m_AutoUVMaxAngle: 89
  m_LightmapParameters: {fileID: 0}
  m_SortingLayerID: 0
  m_SortingLayer: 0
  m_SortingOrder: 0
--- !u!23 &23464334572783784
MeshRenderer:
  m_ObjectHideFlags: 1
  m_PrefabParentObject: {fileID: 0}
  m_PrefabInternal: {fileID: 100100000}
  m_GameObject: {fileID: 1942557813055508}
  m_Enabled: 1
  m_CastShadows: 1
  m_ReceiveShadows: 1
  m_MotionVectors: 1
  m_LightProbeUsage: 1
  m_ReflectionProbeUsage: 1
  m_Materials:
  - {fileID: 2100000, guid: 9898fe95e4f4cb94aaef909064f9e141, type: 2}
  m_StaticBatchInfo:
    firstSubMesh: 0
    subMeshCount: 0
  m_StaticBatchRoot: {fileID: 0}
  m_ProbeAnchor: {fileID: 0}
  m_LightProbeVolumeOverride: {fileID: 0}
  m_ScaleInLightmap: 1
  m_PreserveUVs: 0
  m_IgnoreNormalsForChartDetection: 0
  m_ImportantGI: 0
  m_SelectedEditorRenderState: 3
  m_MinimumChartSize: 4
  m_AutoUVMaxDistance: 0.5
  m_AutoUVMaxAngle: 89
  m_LightmapParameters: {fileID: 0}
  m_SortingLayerID: 0
  m_SortingLayer: 0
  m_SortingOrder: 0
--- !u!23 &23575889152431366
MeshRenderer:
  m_ObjectHideFlags: 1
  m_PrefabParentObject: {fileID: 0}
  m_PrefabInternal: {fileID: 100100000}
  m_GameObject: {fileID: 1911026237125738}
  m_Enabled: 1
  m_CastShadows: 1
  m_ReceiveShadows: 1
  m_MotionVectors: 1
  m_LightProbeUsage: 1
  m_ReflectionProbeUsage: 1
  m_Materials:
  - {fileID: 2100000, guid: 9898fe95e4f4cb94aaef909064f9e141, type: 2}
  m_StaticBatchInfo:
    firstSubMesh: 0
    subMeshCount: 0
  m_StaticBatchRoot: {fileID: 0}
  m_ProbeAnchor: {fileID: 0}
  m_LightProbeVolumeOverride: {fileID: 0}
  m_ScaleInLightmap: 1
  m_PreserveUVs: 0
  m_IgnoreNormalsForChartDetection: 0
  m_ImportantGI: 0
  m_SelectedEditorRenderState: 3
  m_MinimumChartSize: 4
  m_AutoUVMaxDistance: 0.5
  m_AutoUVMaxAngle: 89
  m_LightmapParameters: {fileID: 0}
  m_SortingLayerID: 0
  m_SortingLayer: 0
  m_SortingOrder: 0
--- !u!23 &23701692964633018
MeshRenderer:
  m_ObjectHideFlags: 1
  m_PrefabParentObject: {fileID: 0}
  m_PrefabInternal: {fileID: 100100000}
  m_GameObject: {fileID: 1020062859547972}
  m_Enabled: 1
  m_CastShadows: 1
  m_ReceiveShadows: 1
  m_MotionVectors: 1
  m_LightProbeUsage: 1
  m_ReflectionProbeUsage: 1
  m_Materials:
  - {fileID: 2100000, guid: 9898fe95e4f4cb94aaef909064f9e141, type: 2}
  m_StaticBatchInfo:
    firstSubMesh: 0
    subMeshCount: 0
  m_StaticBatchRoot: {fileID: 0}
  m_ProbeAnchor: {fileID: 0}
  m_LightProbeVolumeOverride: {fileID: 0}
  m_ScaleInLightmap: 1
  m_PreserveUVs: 0
  m_IgnoreNormalsForChartDetection: 0
  m_ImportantGI: 0
  m_SelectedEditorRenderState: 3
  m_MinimumChartSize: 4
  m_AutoUVMaxDistance: 0.5
  m_AutoUVMaxAngle: 89
  m_LightmapParameters: {fileID: 0}
  m_SortingLayerID: 0
  m_SortingLayer: 0
  m_SortingOrder: 0
--- !u!23 &23741607794463002
MeshRenderer:
  m_ObjectHideFlags: 1
  m_PrefabParentObject: {fileID: 0}
  m_PrefabInternal: {fileID: 100100000}
  m_GameObject: {fileID: 1011730329854518}
  m_Enabled: 1
  m_CastShadows: 1
  m_ReceiveShadows: 1
  m_MotionVectors: 1
  m_LightProbeUsage: 1
  m_ReflectionProbeUsage: 1
  m_Materials:
  - {fileID: 2100000, guid: 9898fe95e4f4cb94aaef909064f9e141, type: 2}
  m_StaticBatchInfo:
    firstSubMesh: 0
    subMeshCount: 0
  m_StaticBatchRoot: {fileID: 0}
  m_ProbeAnchor: {fileID: 0}
  m_LightProbeVolumeOverride: {fileID: 0}
  m_ScaleInLightmap: 1
  m_PreserveUVs: 0
  m_IgnoreNormalsForChartDetection: 0
  m_ImportantGI: 0
  m_SelectedEditorRenderState: 3
  m_MinimumChartSize: 4
  m_AutoUVMaxDistance: 0.5
  m_AutoUVMaxAngle: 89
  m_LightmapParameters: {fileID: 0}
  m_SortingLayerID: 0
  m_SortingLayer: 0
  m_SortingOrder: 0
--- !u!23 &23780945157721800
MeshRenderer:
  m_ObjectHideFlags: 1
  m_PrefabParentObject: {fileID: 0}
  m_PrefabInternal: {fileID: 100100000}
  m_GameObject: {fileID: 1245031425943914}
  m_Enabled: 1
  m_CastShadows: 1
  m_ReceiveShadows: 1
  m_MotionVectors: 1
  m_LightProbeUsage: 1
  m_ReflectionProbeUsage: 1
  m_Materials:
  - {fileID: 2100000, guid: 9898fe95e4f4cb94aaef909064f9e141, type: 2}
  m_StaticBatchInfo:
    firstSubMesh: 0
    subMeshCount: 0
  m_StaticBatchRoot: {fileID: 0}
  m_ProbeAnchor: {fileID: 0}
  m_LightProbeVolumeOverride: {fileID: 0}
  m_ScaleInLightmap: 1
  m_PreserveUVs: 0
  m_IgnoreNormalsForChartDetection: 0
  m_ImportantGI: 0
  m_SelectedEditorRenderState: 3
  m_MinimumChartSize: 4
  m_AutoUVMaxDistance: 0.5
  m_AutoUVMaxAngle: 89
  m_LightmapParameters: {fileID: 0}
  m_SortingLayerID: 0
  m_SortingLayer: 0
  m_SortingOrder: 0
--- !u!23 &23840212510882272
MeshRenderer:
  m_ObjectHideFlags: 1
  m_PrefabParentObject: {fileID: 0}
  m_PrefabInternal: {fileID: 100100000}
  m_GameObject: {fileID: 1706901903694210}
  m_Enabled: 1
  m_CastShadows: 1
  m_ReceiveShadows: 1
  m_MotionVectors: 1
  m_LightProbeUsage: 1
  m_ReflectionProbeUsage: 1
  m_Materials:
  - {fileID: 2100000, guid: 9898fe95e4f4cb94aaef909064f9e141, type: 2}
  m_StaticBatchInfo:
    firstSubMesh: 0
    subMeshCount: 0
  m_StaticBatchRoot: {fileID: 0}
  m_ProbeAnchor: {fileID: 0}
  m_LightProbeVolumeOverride: {fileID: 0}
  m_ScaleInLightmap: 1
  m_PreserveUVs: 0
  m_IgnoreNormalsForChartDetection: 0
  m_ImportantGI: 0
  m_SelectedEditorRenderState: 3
  m_MinimumChartSize: 4
  m_AutoUVMaxDistance: 0.5
  m_AutoUVMaxAngle: 89
  m_LightmapParameters: {fileID: 0}
  m_SortingLayerID: 0
  m_SortingLayer: 0
  m_SortingOrder: 0
--- !u!23 &23900218859812962
MeshRenderer:
  m_ObjectHideFlags: 1
  m_PrefabParentObject: {fileID: 0}
  m_PrefabInternal: {fileID: 100100000}
  m_GameObject: {fileID: 1988607513971892}
  m_Enabled: 1
  m_CastShadows: 1
  m_ReceiveShadows: 1
  m_MotionVectors: 1
  m_LightProbeUsage: 1
  m_ReflectionProbeUsage: 1
  m_Materials:
  - {fileID: 2100000, guid: 9898fe95e4f4cb94aaef909064f9e141, type: 2}
  m_StaticBatchInfo:
    firstSubMesh: 0
    subMeshCount: 0
  m_StaticBatchRoot: {fileID: 0}
  m_ProbeAnchor: {fileID: 0}
  m_LightProbeVolumeOverride: {fileID: 0}
  m_ScaleInLightmap: 1
  m_PreserveUVs: 0
  m_IgnoreNormalsForChartDetection: 0
  m_ImportantGI: 0
  m_SelectedEditorRenderState: 3
  m_MinimumChartSize: 4
  m_AutoUVMaxDistance: 0.5
  m_AutoUVMaxAngle: 89
  m_LightmapParameters: {fileID: 0}
  m_SortingLayerID: 0
  m_SortingLayer: 0
  m_SortingOrder: 0
--- !u!23 &23952934971239426
MeshRenderer:
  m_ObjectHideFlags: 1
  m_PrefabParentObject: {fileID: 0}
  m_PrefabInternal: {fileID: 100100000}
  m_GameObject: {fileID: 1047173591624776}
  m_Enabled: 1
  m_CastShadows: 1
  m_ReceiveShadows: 1
  m_MotionVectors: 1
  m_LightProbeUsage: 1
  m_ReflectionProbeUsage: 1
  m_Materials:
  - {fileID: 2100000, guid: 9898fe95e4f4cb94aaef909064f9e141, type: 2}
  m_StaticBatchInfo:
    firstSubMesh: 0
    subMeshCount: 0
  m_StaticBatchRoot: {fileID: 0}
  m_ProbeAnchor: {fileID: 0}
  m_LightProbeVolumeOverride: {fileID: 0}
  m_ScaleInLightmap: 1
  m_PreserveUVs: 0
  m_IgnoreNormalsForChartDetection: 0
  m_ImportantGI: 0
  m_SelectedEditorRenderState: 3
  m_MinimumChartSize: 4
  m_AutoUVMaxDistance: 0.5
  m_AutoUVMaxAngle: 89
  m_LightmapParameters: {fileID: 0}
  m_SortingLayerID: 0
  m_SortingLayer: 0
  m_SortingOrder: 0
--- !u!23 &23992548489186876
MeshRenderer:
  m_ObjectHideFlags: 1
  m_PrefabParentObject: {fileID: 0}
  m_PrefabInternal: {fileID: 100100000}
  m_GameObject: {fileID: 1440837676812926}
  m_Enabled: 1
  m_CastShadows: 1
  m_ReceiveShadows: 1
  m_MotionVectors: 1
  m_LightProbeUsage: 1
  m_ReflectionProbeUsage: 1
  m_Materials:
  - {fileID: 2100000, guid: 9898fe95e4f4cb94aaef909064f9e141, type: 2}
  m_StaticBatchInfo:
    firstSubMesh: 0
    subMeshCount: 0
  m_StaticBatchRoot: {fileID: 0}
  m_ProbeAnchor: {fileID: 0}
  m_LightProbeVolumeOverride: {fileID: 0}
  m_ScaleInLightmap: 1
  m_PreserveUVs: 0
  m_IgnoreNormalsForChartDetection: 0
  m_ImportantGI: 0
  m_SelectedEditorRenderState: 3
  m_MinimumChartSize: 4
  m_AutoUVMaxDistance: 0.5
  m_AutoUVMaxAngle: 89
  m_LightmapParameters: {fileID: 0}
  m_SortingLayerID: 0
  m_SortingLayer: 0
  m_SortingOrder: 0
--- !u!33 &33015988528614564
MeshFilter:
  m_ObjectHideFlags: 1
  m_PrefabParentObject: {fileID: 0}
  m_PrefabInternal: {fileID: 100100000}
  m_GameObject: {fileID: 1440837676812926}
  m_Mesh: {fileID: 0}
--- !u!33 &33035556691446922
MeshFilter:
  m_ObjectHideFlags: 1
  m_PrefabParentObject: {fileID: 0}
  m_PrefabInternal: {fileID: 100100000}
  m_GameObject: {fileID: 1089719064622464}
  m_Mesh: {fileID: 0}
--- !u!33 &33139484814116408
MeshFilter:
  m_ObjectHideFlags: 1
  m_PrefabParentObject: {fileID: 0}
  m_PrefabInternal: {fileID: 100100000}
  m_GameObject: {fileID: 1011730329854518}
  m_Mesh: {fileID: 0}
--- !u!33 &33386363477595226
MeshFilter:
  m_ObjectHideFlags: 1
  m_PrefabParentObject: {fileID: 0}
  m_PrefabInternal: {fileID: 100100000}
  m_GameObject: {fileID: 1911026237125738}
  m_Mesh: {fileID: 0}
--- !u!33 &33435844860100886
MeshFilter:
  m_ObjectHideFlags: 1
  m_PrefabParentObject: {fileID: 0}
  m_PrefabInternal: {fileID: 100100000}
  m_GameObject: {fileID: 1047173591624776}
  m_Mesh: {fileID: 0}
--- !u!33 &33443716929174556
MeshFilter:
  m_ObjectHideFlags: 1
  m_PrefabParentObject: {fileID: 0}
  m_PrefabInternal: {fileID: 100100000}
  m_GameObject: {fileID: 1268945623009790}
  m_Mesh: {fileID: 0}
--- !u!33 &33524654118507390
MeshFilter:
  m_ObjectHideFlags: 1
  m_PrefabParentObject: {fileID: 0}
  m_PrefabInternal: {fileID: 100100000}
  m_GameObject: {fileID: 1020062859547972}
  m_Mesh: {fileID: 0}
--- !u!33 &33533036727732890
MeshFilter:
  m_ObjectHideFlags: 1
  m_PrefabParentObject: {fileID: 0}
  m_PrefabInternal: {fileID: 100100000}
  m_GameObject: {fileID: 1988607513971892}
  m_Mesh: {fileID: 0}
--- !u!33 &33545805641867426
MeshFilter:
  m_ObjectHideFlags: 1
  m_PrefabParentObject: {fileID: 0}
  m_PrefabInternal: {fileID: 100100000}
  m_GameObject: {fileID: 1114190261947278}
  m_Mesh: {fileID: 0}
--- !u!33 &33627426538421322
MeshFilter:
  m_ObjectHideFlags: 1
  m_PrefabParentObject: {fileID: 0}
  m_PrefabInternal: {fileID: 100100000}
  m_GameObject: {fileID: 1245031425943914}
  m_Mesh: {fileID: 0}
--- !u!33 &33665815427184148
MeshFilter:
  m_ObjectHideFlags: 1
  m_PrefabParentObject: {fileID: 0}
  m_PrefabInternal: {fileID: 100100000}
  m_GameObject: {fileID: 1942557813055508}
  m_Mesh: {fileID: 0}
--- !u!33 &33718492144762762
MeshFilter:
  m_ObjectHideFlags: 1
  m_PrefabParentObject: {fileID: 0}
  m_PrefabInternal: {fileID: 100100000}
  m_GameObject: {fileID: 1706901903694210}
  m_Mesh: {fileID: 0}
--- !u!33 &33795294873144264
MeshFilter:
  m_ObjectHideFlags: 1
  m_PrefabParentObject: {fileID: 0}
  m_PrefabInternal: {fileID: 100100000}
  m_GameObject: {fileID: 1432506089607790}
  m_Mesh: {fileID: 0}
--- !u!114 &114122788365892978
MonoBehaviour:
  m_ObjectHideFlags: 1
  m_PrefabParentObject: {fileID: 0}
  m_PrefabInternal: {fileID: 100100000}
  m_GameObject: {fileID: 1268945623009790}
  m_Enabled: 1
  m_EditorHideFlags: 0
  m_Script: {fileID: 11500000, guid: 3fac570381f34f647b768dc5a5aa1364, type: 3}
  m_Name: 
  m_EditorClassIdentifier: 
  collection: {fileID: 114039964191891690, guid: ff8ef75a2ca42ed4386b432be0cd84cb,
    type: 2}
  _color: {r: 0.53676474, g: 0.52097756, b: 0.52097756, a: 1}
  _scale: {x: 1, y: 1, z: 1}
  _spriteId: 7
  boxCollider2D: {fileID: 0}
  polygonCollider2D: []
  edgeCollider2D: []
  boxCollider: {fileID: 0}
  meshCollider: {fileID: 0}
  meshColliderPositions: []
  meshColliderMesh: {fileID: 0}
  renderLayer: 0
--- !u!114 &114140062069708222
MonoBehaviour:
  m_ObjectHideFlags: 1
  m_PrefabParentObject: {fileID: 0}
  m_PrefabInternal: {fileID: 100100000}
  m_GameObject: {fileID: 1988607513971892}
  m_Enabled: 1
  m_EditorHideFlags: 0
  m_Script: {fileID: 11500000, guid: 3fac570381f34f647b768dc5a5aa1364, type: 3}
  m_Name: 
  m_EditorClassIdentifier: 
  collection: {fileID: 114039964191891690, guid: ff8ef75a2ca42ed4386b432be0cd84cb,
    type: 2}
  _color: {r: 1, g: 1, b: 1, a: 1}
  _scale: {x: 1, y: 1, z: 1}
  _spriteId: 7
  boxCollider2D: {fileID: 0}
  polygonCollider2D: []
  edgeCollider2D: []
  boxCollider: {fileID: 0}
  meshCollider: {fileID: 0}
  meshColliderPositions: []
  meshColliderMesh: {fileID: 0}
  renderLayer: 0
--- !u!114 &114301793062713482
MonoBehaviour:
  m_ObjectHideFlags: 1
  m_PrefabParentObject: {fileID: 0}
  m_PrefabInternal: {fileID: 100100000}
  m_GameObject: {fileID: 1089719064622464}
  m_Enabled: 1
  m_EditorHideFlags: 0
  m_Script: {fileID: 11500000, guid: 3fac570381f34f647b768dc5a5aa1364, type: 3}
  m_Name: 
  m_EditorClassIdentifier: 
  collection: {fileID: 114039964191891690, guid: ff8ef75a2ca42ed4386b432be0cd84cb,
    type: 2}
  _color: {r: 1, g: 1, b: 1, a: 1}
  _scale: {x: 1, y: 1, z: 1}
  _spriteId: 8
  boxCollider2D: {fileID: 0}
  polygonCollider2D: []
  edgeCollider2D: []
  boxCollider: {fileID: 0}
  meshCollider: {fileID: 0}
  meshColliderPositions: []
  meshColliderMesh: {fileID: 0}
  renderLayer: 0
--- !u!114 &114304413746410448
MonoBehaviour:
  m_ObjectHideFlags: 1
  m_PrefabParentObject: {fileID: 0}
  m_PrefabInternal: {fileID: 100100000}
  m_GameObject: {fileID: 1440837676812926}
  m_Enabled: 1
  m_EditorHideFlags: 0
  m_Script: {fileID: 11500000, guid: 3fac570381f34f647b768dc5a5aa1364, type: 3}
  m_Name: 
  m_EditorClassIdentifier: 
  collection: {fileID: 114039964191891690, guid: ff8ef75a2ca42ed4386b432be0cd84cb,
    type: 2}
  _color: {r: 0.53676474, g: 0.52097756, b: 0.52097756, a: 1}
  _scale: {x: 1, y: 1, z: 1}
  _spriteId: 8
  boxCollider2D: {fileID: 0}
  polygonCollider2D: []
  edgeCollider2D: []
  boxCollider: {fileID: 0}
  meshCollider: {fileID: 0}
  meshColliderPositions: []
  meshColliderMesh: {fileID: 0}
  renderLayer: 0
--- !u!114 &114356452615073126
MonoBehaviour:
  m_ObjectHideFlags: 1
  m_PrefabParentObject: {fileID: 0}
  m_PrefabInternal: {fileID: 100100000}
  m_GameObject: {fileID: 1911026237125738}
  m_Enabled: 1
  m_EditorHideFlags: 0
  m_Script: {fileID: 11500000, guid: 3fac570381f34f647b768dc5a5aa1364, type: 3}
  m_Name: 
  m_EditorClassIdentifier: 
  collection: {fileID: 114039964191891690, guid: ff8ef75a2ca42ed4386b432be0cd84cb,
    type: 2}
  _color: {r: 0.53676474, g: 0.52097756, b: 0.52097756, a: 1}
  _scale: {x: 1, y: 1, z: 1}
  _spriteId: 10
  boxCollider2D: {fileID: 0}
  polygonCollider2D: []
  edgeCollider2D: []
  boxCollider: {fileID: 0}
  meshCollider: {fileID: 0}
  meshColliderPositions: []
  meshColliderMesh: {fileID: 0}
  renderLayer: 0
--- !u!114 &114445536020277480
MonoBehaviour:
  m_ObjectHideFlags: 1
  m_PrefabParentObject: {fileID: 0}
  m_PrefabInternal: {fileID: 100100000}
  m_GameObject: {fileID: 1020062859547972}
  m_Enabled: 1
  m_EditorHideFlags: 0
  m_Script: {fileID: 11500000, guid: 3fac570381f34f647b768dc5a5aa1364, type: 3}
  m_Name: 
  m_EditorClassIdentifier: 
  collection: {fileID: 114039964191891690, guid: ff8ef75a2ca42ed4386b432be0cd84cb,
    type: 2}
  _color: {r: 0.53676474, g: 0.52097756, b: 0.52097756, a: 1}
  _scale: {x: 1, y: 1, z: 1}
  _spriteId: 7
  boxCollider2D: {fileID: 0}
  polygonCollider2D: []
  edgeCollider2D: []
  boxCollider: {fileID: 0}
  meshCollider: {fileID: 0}
  meshColliderPositions: []
  meshColliderMesh: {fileID: 0}
  renderLayer: 0
--- !u!114 &114463849401542696
MonoBehaviour:
  m_ObjectHideFlags: 1
  m_PrefabParentObject: {fileID: 0}
  m_PrefabInternal: {fileID: 100100000}
  m_GameObject: {fileID: 1942557813055508}
  m_Enabled: 1
  m_EditorHideFlags: 0
  m_Script: {fileID: 11500000, guid: 3fac570381f34f647b768dc5a5aa1364, type: 3}
  m_Name: 
  m_EditorClassIdentifier: 
  collection: {fileID: 114039964191891690, guid: ff8ef75a2ca42ed4386b432be0cd84cb,
    type: 2}
  _color: {r: 0.53676474, g: 0.52097756, b: 0.52097756, a: 1}
  _scale: {x: 1, y: 1, z: 1}
  _spriteId: 7
  boxCollider2D: {fileID: 0}
  polygonCollider2D: []
  edgeCollider2D: []
  boxCollider: {fileID: 0}
  meshCollider: {fileID: 0}
  meshColliderPositions: []
  meshColliderMesh: {fileID: 0}
  renderLayer: 0
--- !u!114 &114536998340932770
MonoBehaviour:
  m_ObjectHideFlags: 1
  m_PrefabParentObject: {fileID: 0}
  m_PrefabInternal: {fileID: 100100000}
  m_GameObject: {fileID: 1706901903694210}
  m_Enabled: 1
  m_EditorHideFlags: 0
  m_Script: {fileID: 11500000, guid: 3fac570381f34f647b768dc5a5aa1364, type: 3}
  m_Name: 
  m_EditorClassIdentifier: 
  collection: {fileID: 114039964191891690, guid: ff8ef75a2ca42ed4386b432be0cd84cb,
    type: 2}
  _color: {r: 0.53676474, g: 0.52097756, b: 0.52097756, a: 1}
  _scale: {x: 1, y: 1, z: 1}
  _spriteId: 11
  boxCollider2D: {fileID: 0}
  polygonCollider2D: []
  edgeCollider2D: []
  boxCollider: {fileID: 0}
  meshCollider: {fileID: 0}
  meshColliderPositions: []
  meshColliderMesh: {fileID: 0}
  renderLayer: 0
--- !u!114 &114560044444769924
MonoBehaviour:
  m_ObjectHideFlags: 1
  m_PrefabParentObject: {fileID: 0}
  m_PrefabInternal: {fileID: 100100000}
  m_GameObject: {fileID: 1245031425943914}
  m_Enabled: 1
  m_EditorHideFlags: 0
  m_Script: {fileID: 11500000, guid: 3fac570381f34f647b768dc5a5aa1364, type: 3}
  m_Name: 
  m_EditorClassIdentifier: 
  collection: {fileID: 114039964191891690, guid: ff8ef75a2ca42ed4386b432be0cd84cb,
    type: 2}
  _color: {r: 0.53676474, g: 0.52097756, b: 0.52097756, a: 1}
  _scale: {x: 1, y: 1, z: 1}
  _spriteId: 7
  boxCollider2D: {fileID: 0}
  polygonCollider2D: []
  edgeCollider2D: []
  boxCollider: {fileID: 0}
  meshCollider: {fileID: 0}
  meshColliderPositions: []
  meshColliderMesh: {fileID: 0}
  renderLayer: 0
--- !u!114 &114729336271126048
MonoBehaviour:
  m_ObjectHideFlags: 1
  m_PrefabParentObject: {fileID: 0}
  m_PrefabInternal: {fileID: 100100000}
  m_GameObject: {fileID: 1011730329854518}
  m_Enabled: 1
  m_EditorHideFlags: 0
  m_Script: {fileID: 11500000, guid: 3fac570381f34f647b768dc5a5aa1364, type: 3}
  m_Name: 
  m_EditorClassIdentifier: 
  collection: {fileID: 114039964191891690, guid: ff8ef75a2ca42ed4386b432be0cd84cb,
    type: 2}
  _color: {r: 1, g: 1, b: 1, a: 1}
  _scale: {x: 1, y: 1, z: 1}
  _spriteId: 9
  boxCollider2D: {fileID: 0}
  polygonCollider2D: []
  edgeCollider2D: []
  boxCollider: {fileID: 0}
  meshCollider: {fileID: 0}
  meshColliderPositions: []
  meshColliderMesh: {fileID: 0}
  renderLayer: 0
--- !u!114 &114855959890465242
MonoBehaviour:
  m_ObjectHideFlags: 1
  m_PrefabParentObject: {fileID: 0}
  m_PrefabInternal: {fileID: 100100000}
  m_GameObject: {fileID: 1047173591624776}
  m_Enabled: 1
  m_EditorHideFlags: 0
  m_Script: {fileID: 11500000, guid: 3fac570381f34f647b768dc5a5aa1364, type: 3}
  m_Name: 
  m_EditorClassIdentifier: 
  collection: {fileID: 114039964191891690, guid: ff8ef75a2ca42ed4386b432be0cd84cb,
    type: 2}
  _color: {r: 1, g: 1, b: 1, a: 1}
  _scale: {x: 1, y: 1, z: 1}
  _spriteId: 8
  boxCollider2D: {fileID: 0}
  polygonCollider2D: []
  edgeCollider2D: []
  boxCollider: {fileID: 0}
  meshCollider: {fileID: 0}
  meshColliderPositions: []
  meshColliderMesh: {fileID: 0}
  renderLayer: 0
--- !u!114 &114866518169973536
MonoBehaviour:
  m_ObjectHideFlags: 1
  m_PrefabParentObject: {fileID: 0}
  m_PrefabInternal: {fileID: 100100000}
  m_GameObject: {fileID: 1128250626040588}
  m_Enabled: 1
  m_EditorHideFlags: 0
  m_Script: {fileID: 11500000, guid: 746a93e0c288f8e49865d9e91196831e, type: 3}
  m_Name: 
  m_EditorClassIdentifier: 
  _hourImage_1: {fileID: 114304413746410448}
  _hourImage_2: {fileID: 114536998340932770}
  _minuteImage_1: {fileID: 114902474388196094}
  _minuteImage_2: {fileID: 114356452615073126}
  _secondImage_1: {fileID: 114729336271126048}
  _secondImage_2: {fileID: 114301793062713482}
  _millisecondImage_1: {fileID: 114855959890465242}
  _millisecondImage_2: {fileID: 114909330610898106}
--- !u!114 &114902474388196094
MonoBehaviour:
  m_ObjectHideFlags: 1
  m_PrefabParentObject: {fileID: 0}
  m_PrefabInternal: {fileID: 100100000}
  m_GameObject: {fileID: 1432506089607790}
  m_Enabled: 1
  m_EditorHideFlags: 0
  m_Script: {fileID: 11500000, guid: 3fac570381f34f647b768dc5a5aa1364, type: 3}
  m_Name: 
  m_EditorClassIdentifier: 
  collection: {fileID: 114039964191891690, guid: ff8ef75a2ca42ed4386b432be0cd84cb,
    type: 2}
  _color: {r: 0.53676474, g: 0.52097756, b: 0.52097756, a: 1}
  _scale: {x: 1, y: 1, z: 1}
  _spriteId: 12
  boxCollider2D: {fileID: 0}
  polygonCollider2D: []
  edgeCollider2D: []
  boxCollider: {fileID: 0}
  meshCollider: {fileID: 0}
  meshColliderPositions: []
  meshColliderMesh: {fileID: 0}
  renderLayer: 0
--- !u!114 &114909330610898106
MonoBehaviour:
  m_ObjectHideFlags: 1
  m_PrefabParentObject: {fileID: 0}
  m_PrefabInternal: {fileID: 100100000}
  m_GameObject: {fileID: 1114190261947278}
  m_Enabled: 1
  m_EditorHideFlags: 0
  m_Script: {fileID: 11500000, guid: 3fac570381f34f647b768dc5a5aa1364, type: 3}
  m_Name: 
  m_EditorClassIdentifier: 
  collection: {fileID: 114039964191891690, guid: ff8ef75a2ca42ed4386b432be0cd84cb,
    type: 2}
  _color: {r: 1, g: 1, b: 1, a: 1}
  _scale: {x: 1, y: 1, z: 1}
  _spriteId: 8
  boxCollider2D: {fileID: 0}
  polygonCollider2D: []
  edgeCollider2D: []
  boxCollider: {fileID: 0}
  meshCollider: {fileID: 0}
  meshColliderPositions: []
  meshColliderMesh: {fileID: 0}
  renderLayer: 0
